<?xml version="1.0" encoding="UTF-8"?><collection xmlns="http://www.loc.gov/MARC21/slim"><record><leader>00453nam--2200181-u-4500</leader><controlfield tag="001">000056092</controlfield><controlfield tag="002">20161230</controlfield><controlfield tag="005">20161230201052</controlfield><controlfield tag="008">141209s1000------------r-----000-0-rus-d</controlfield><datafield ind1=" " ind2=" " tag="040"><subfield code="a">IFIN-HH</subfield></datafield><datafield ind1=" " ind2=" " tag="041"><subfield code="a">rus</subfield></datafield><datafield ind1=" " ind2=" " tag="080"><subfield code="a">524.3-54</subfield></datafield><datafield ind1="1" ind2=" " tag="100"><subfield code="a">Masevici, A.G</subfield></datafield><datafield ind1="1" ind2="0" tag="245"><subfield code="a">Sovremennie problemi fiziki i evoliutii zvezd</subfield><subfield code="c">A.g. masevici (ed.)</subfield></datafield><datafield ind1=" " ind2=" " tag="260"><subfield code="a">Moskva</subfield><subfield code="b">Nauka</subfield><subfield code="c">1989</subfield></datafield><datafield ind1=" " ind2=" " tag="300"><subfield code="a">281P</subfield></datafield><datafield ind1=" " ind2=" " tag="852"><subfield code="a">78844</subfield><subfield code="c">523</subfield></datafield><datafield ind1=" " ind2=" " tag="CAT"><subfield code="a">Sys</subfield><subfield code="c">20141209</subfield><subfield code="h">152521</subfield></datafield></record></collection>